@MISC{icccm,
    AUTHOR = {David Rosenthal and Stuart W. Marks},
    TITLE = {Inter-Client Communication Conventions Manual},
    YEAR = {1994},
    URL = {https://www.x.org/releases/X11R7.6/doc/xorg-docs/specs/ICCCM/icccm.html},
}

@MISC{ewmh,
    AUTHOR = {X Desktop Group},
    TITLE = {Extended Window Manager Hints},
    YEAR = {2011},
    URL = {https://specifications.freedesktop.org/wm-spec/wm-spec-1.5.html},
}

@MISC{xBasics,
    AUTHOR = {Jasper St. Pierre and others},
    TITLE = {X Window System Basics},
    URL = {https://magcius.github.io/xplain/article/x-basics.html},
}

@MISC{xgb,
    AUTHOR = {Andrew Gallant},
    TITLE = {X Go Binding},
    YEAR = {2012},
    URL = {https://github.com/BurntSushi/xgb},
}
